@book{perov10glonass,
  author    = "Перов, А. И. and Харисов, В. Н",
  title     = "ГЛОНАСС. Принципы построения и функционирования. — изд. 4-е, перераб. и доп.",
  publisher = "М.: Радиотехника",
  year      = "2010",
  numpages  = "800",
  language  = "russian",
}

@book{korogodin,
	author    = "Корогодин, И. В.",
	title     = "Приемники глобальных навигационных спутниковых систем. Учеб­ное пособие для вузов.",
	publisher = "М.: Радиотехника",
	year      = "2020",
	numpages  = "334",
	language  = "russian",
}

@MANUAL{rtklib, 
  author       = {Tomoji Takasu}, 
  organization = {{Tokyo Univ. of Marine Science and Technology}}, 
  title        = {{RTKLIB Manual}},
  edition      = {{2.4.2}},
  day          = {29},
  month        = {3}, 
  year         = {2013},
}

@misc{GNSSPlanningOnline,
  author       = {Trimble},
  title        = {{GNSS Planning Online}},
  howpublished = {\url{https://www.gnssplanning.com}},
  note         = {Дата обращения: 12.06.2022}
}

@MANUAL{nvsbinrspec, 
  author       = {}, 
  organization = {{NVS Technologies AG}}, 
  title        = {{{BINR} Interface Protocol Specification. Ver. 1.3 {ENG}}}, 
  month        = {4}, 
  year         = {2012},
}


@article{wireless,
  author  = {Алексеев Виктор},
  title   = {Приемники GNSS для спутниковых навигационных систем GPS/GLONASS},
  journal = {Беспроводные технологии},
  volume  = {8},
  pages   = {1-2},
  url     = {https://wireless-e.ru/wp-content/uploads/5231.pdf},
  year    = {2020}
}

@MANUAL{smbv, 
	author       = {}, 
	organization = {{Rohde \& Schwarz GmbH \& Co.}}, 
	title        = {{R\&S SMBV100A Vector Signal Generator
	Operating Manual}},
	  url     = {https://scdn.rohde-schwarz.com/ur/pws/dl_downloads/dl_common_library/dl_manuals/gb_1/s/smbv/SMBV100A_OperatingManual_en_18.pdf},
	year         = {2020},
}

@MANUAL{srns, 
	author       = {}, 
	organization = {}, 
	title        = {{Протокол информационного взаимодействия SRNS}},
	edition      = {{5.6}},
	year         = {2022},
}

@misc{wiki,
  author = "Википедия",
  title = "Мерло, Рейнальдо --- Википедия{,} свободная энциклопедия",
  year = "2022",
  url = "https://ru.wikipedia.org/wiki/Спутниковый_приёмник",
  note = "[Онлайн; загружено 21 июня 2022]"
}
